@misc{klein,
    author = {Klein, Maximilian},
    publisher = {Unpublished},
    title = {{Kumusha Takes Wiki: Actionable Metrics for Uganda and C\^{o}te d'Ivoire}},
    year = {2014},
    url = {http://notconfusing.com/kumusha-takes-wiki-actionable-metrics-for-uganda-and-cote-divoire/}
}

@misc{editcountitis,
	author={Wikipedia contributors},
	url =
	{https://en.wikipedia.org/wiki/Wikipedia:Editcountitis#Seriously.2C_though...}
	}