@Misc{website:wikinewsreporter,
OPTauthor = {Laura Hale},
OPTtitle = {The role of English Wikipediaâ€™s top content creators in perpetuating gender bias},
OPThowpublished = {blog},
OPTmonth = {2},
OPTyear = {2014},
url = 	"http://wikinewsreporter.wordpress.com/2014/02/10/the-role-of-english-wikipedias-top-content-creators-in-perpetuating-gender-bias/"
}

@Misc{website:nyt,
OPTauthor = {Amanda Filipacchi},
OPTtitle = {Wikipedias Sexism Toward Female Novelists},
OPThowpublished = {news},
OPTmonth = {4},
OPTyear = {2013},
url = 	"http://www.nytimes.com/2013/04/28/opinion/sunday/wikipedias-sexism-toward-female-novelists.html"
}

@ARTICLE{bowman:reasoning,
	AUTHOR = "Mic Bowman and Saumya K. Debray and Larry L. Peterson",
	TITLE = "Reasoning About Naming Systems",
	JOURNAL = "ACM Trans. Program. Lang. Syst.",
	VOLUME = {15},
	NUMBER = {5},
	PAGES = {795-825},
	MONTH = "November",
	YEAR = {1993}	}

@ARTICLE{braams:babel,
	AUTHOR = "Johannes Braams",
	TITLE = "Babel, a Multilingual Style-Option System for Use with LaTeX's Standard Document Styles",
	JOURNAL = {TUGboat},
	VOLUME = {12},
	NUMBER = {2},
	PAGES = {291-301},
	MONTH = "June",
	YEAR = {1991}	}

@INPROCEEDINGS{clark:pct,
	AUTHOR = "Malcolm Clark",
	TITLE = "Post Congress Tristesse",
	BOOKTITLE = "TeX90 Conference Proceedings",
	PAGES = "84-89",
	ORGANIZATION = "TeX Users Group",
	MONTH = "March", 
	YEAR = {1991}	}

@ARTICLE{herlihy:methodology,
	AUTHOR = "Maurice Herlihy",
	TITLE = "A Methodology for Implementing Highly Concurrent
	Data Objects",
	JOURNAL = {ACM Trans. Program. Lang. Syst.},
	VOLUME = {15},
	NUMBER = {5},
	PAGES = {745-770},
	MONTH = "November",
	YEAR = {1993}	}

@BOOK{Lamport:LaTeX,
	AUTHOR = "Leslie Lamport",
	TITLE = "LaTeX User's Guide and Document Reference Manual",
	PUBLISHER = "Addison-Wesley Publishing Company",
	ADDRESS = "Reading, Massachusetts",
	YEAR = "1986"	}

@BOOK{salas:calculus,
	AUTHOR = "S.L. Salas and Einar Hille",
	TITLE = "Calculus: One and Several Variable",
	PUBLISHER = "John Wiley and Sons",
	ADDRESS = "New York",
	YEAR = "1978"	}


@MISC{klein2014investigating,
	AUTHOR = "Maximilian Klein",
	TITLE = "Investigating Good Articles for C™te dÕIvoire and Uganda"
	YEAR = "2014",
	URL = "http://notconfusing.com/kumusha-takes-wiki-actionable-metrics-for-uganda-and-cote-divoire/"}